@article{o2011color,
  title={Color compatibility from large datasets},
  author={O'Donovan, Peter and Agarwala, Aseem and Hertzmann, Aaron},
  journal={ACM Transactions on Graphics (TOG)},
  volume={30},
  number={4},
  pages={63},
  year={2011},
  publisher={ACM}
}
@article{wang2008color,
	title={Color design for illustrative visualization},
	author={Wang, Lujin and Giesen, Joachim and McDonnell, Kevin T and Zolliker, Peter and Mueller, Klaus},
	journal={IEEE Transactions on Visualization and Computer Graphics},
	volume={14},
	number={6},
	pages={1739--1754},
	year={2008},
	publisher={IEEE}
}
@inproceedings{cohen2006color,
	title={Color harmonization},
	author={Cohen-Or, Daniel and Sorkine, Olga and Gal, Ran and Leyvand, Tommer and Xu, Ying-Qing},
	booktitle={ACM Transactions on Graphics (TOG)},
	volume={25},
	number={3},
	pages={624--630},
	year={2006},
	organization={ACM}
}
@article{finlayson2019color,
	title={Color homography: theory and applications},
	author={Finlayson, Graham and Gong, Han and Fisher, Robert B},
	journal={IEEE transactions on pattern analysis and machine intelligence},
	volume={41},
	number={1},
	pages={20--33},
	year={2019},
	publisher={IEEE}
}
@inproceedings{levin2004colorization,
title={Colorization using optimization},
author={Levin, Anat and Lischinski, Dani and Weiss, Yair},
booktitle={ACM transactions on graphics (tog)},
volume={23},
number={3},
pages={689--694},
year={2004},
organization={ACM}
}
@article{faridul2014survey,
	title={A Survey of Color Mapping and its Applications.},
	author={Faridul, Hasan Sheikh and Pouli, Tania and Chamaret, Christel and Stauder, J{\"u}rgen and Tr{\'e}meau, Alain and Reinhard, Erik and others},
	journal={Eurographics (State of the Art Reports)},
	volume={3},
	year={2014}
}
@inproceedings{xiao2006color,
	title={Color transfer in correlated color space},
	author={Xiao, Xuezhong and Ma, Lizhuang},
	booktitle={Proceedings of the 2006 ACM international conference on Virtual reality continuum and its applications},
	pages={305--309},
	year={2006},
	organization={ACM}
}
@inproceedings{kawulok2010competitive,
	title={Competitive image colorization},
	author={Kawulok, Michal and Smolka, Bogdan},
	booktitle={2010 IEEE International Conference on Image Processing},
	pages={405--408},
	year={2010},
	organization={IEEE}
}
@article{tan2017decomposing,
	title={Decomposing images into layers via RGB-space geometry},
	author={Tan, Jianchao and Lien, Jyh-Ming and Gingold, Yotam},
	journal={ACM Transactions on Graphics (TOG)},
	volume={36},
	number={1},
	pages={7},
	year={2017},
	publisher={ACM}
}
@inproceedings{cheng2015deep,
	title={Deep colorization},
	author={Cheng, Zezhou and Yang, Qingxiong and Sheng, Bin},
	booktitle={Proceedings of the IEEE International Conference on Computer Vision},
	pages={415--423},
	year={2015}
}
@article{singh2015enhancement,
	title={Enhancement of low exposure images via recursive histogram equalization algorithms},
	author={Singh, Kuldeep and Kapoor, Rajiv and Sinha, Sanjeev Kr},
	journal={Optik},
	volume={126},
	number={20},
	pages={2619--2625},
	year={2015},
	publisher={Elsevier}
}
@article{hassan2017enhancement,
	title={Enhancement of Under-Exposed Image for Object Tracking Algorithm through Homomorphic Filtering and Mean Histogram Matching},
	author={Hassan, Mohd Fauzi Abu and Ghani, Ahmad Shahrizan Abdul and Ramachandram, Dhanesh and Radman, Abduljalil and Suandi, Shahrel Azmin},
	journal={Advanced Science Letters},
	volume={23},
	number={11},
	pages={11257--11261},
	year={2017},
	publisher={American Scientific Publishers}
}
@inproceedings{nguyen2017group,
	title={Group-Theme Recoloring for Multi-Image Color Consistency},
	author={Nguyen, RMH and Price, B and Cohen, Scott and Brown, Michael S},
	booktitle={Computer Graphics Forum},
	volume={36},
	number={7},
	pages={83--92},
	year={2017},
	organization={Wiley Online Library}
}
@article{singh2015histogram,
	title={Histogram equalization: a strong technique for image enhancement},
	author={Singh, Ravindra Pal and Dixit, Manish},
	journal={International Journal of Signal Processing, Image Processing and Pattern Recognition},
	volume={8},
	number={8},
	pages={345--352},
	year={2015}
}
@article{wan2012image,
	title={Image composition with color harmonization},
	author={Wan, Yanli and Tang, Zhen and Miao, Zhenjiang and Li, Bo},
	journal={International Journal of Pattern Recognition and Artificial Intelligence},
	volume={26},
	number={03},
	pages={1254001},
	year={2012},
	publisher={World Scientific}
}
@inproceedings{lin2013modeling,
	title={Modeling how people extract color themes from images},
	author={Lin, Sharon and Hanrahan, Pat},
	booktitle={Proceedings of the SIGCHI Conference on Human Factors in Computing Systems},
	pages={3101--3110},
	year={2013},
	organization={ACM}
}
@inproceedings{semmo2017neural,
	title={Neural style transfer: a paradigm shift for image-based artistic rendering?},
	author={Semmo, Amir and Isenberg, Tobias and D{\"o}llner, J{\"u}rgen},
	booktitle={Proceedings of the Symposium on Non-Photorealistic Animation and Rendering},
	pages={5},
	year={2017},
	organization={ACM}
}
@article{tan2018palette,
	title={Palette-based image decomposition, harmonization, and color transfer},
	author={Tan, Jianchao and Echevarria, Jose and Gingold, Yotam},
	journal={arXiv preprint arXiv:1804.01225},
	year={2018}
}
@article{chang2015palette,
	title={Palette-based photo recoloring},
	author={Chang, Huiwen and Fried, Ohad and Liu, Yiming and DiVerdi, Stephen and Finkelstein, Adam},
	journal={ACM Transactions on Graphics (TOG)},
	volume={34},
	number={4},
	pages={139},
	year={2015},
	publisher={ACM}
}
@article{zhang2017palette,
	title={Palette-based image recoloring using color decomposition optimization},
	author={Zhang, Qing and Xiao, Chunxia and Sun, Hanqiu and Tang, Feng},
	journal={IEEE Transactions on Image Processing},
	volume={26},
	number={4},
	pages={1952--1964},
	year={2017},
	publisher={IEEE}
}
@article{gong2016recoding,
	title={Recoding color transfer as a color homography},
	author={Gong, Han and Finlayson, Graham D and Fisher, Robert B},
	journal={arXiv preprint arXiv:1608.01505},
	year={2016}
}
@inproceedings{hristova2015style,
	title={Style-aware robust color transfer},
	author={Hristova, Hristina and Le Meur, Olivier and Cozot, R{\'e}mi and Bouatouch, Kadi},
	booktitle={Proceedings of the workshop on Computational Aesthetics},
	pages={67--77},
	year={2015},
	organization={Eurographics Association}
}